<record><leader>00000cas a2200000 i 4500</leader><controlfield tag="001">10254592</controlfield><controlfield tag="008">831229d18651865txucr ne      0   b0eng c</controlfield><datafield ind1=" " ind2=" " tag="010"><subfield code="a">sn 83021606 </subfield></datafield><datafield ind1=" " ind2=" " tag="040"><subfield code="a">NPX</subfield><subfield code="b">eng</subfield><subfield code="e">rda</subfield><subfield code="c">NPX</subfield><subfield code="d">OCLCQ</subfield><subfield code="d">IUL</subfield><subfield code="d">OCLCF</subfield></datafield><datafield ind1="1" ind2=" " tag="029"><subfield code="a">AU@</subfield><subfield code="b">000025805088</subfield></datafield><datafield ind1="0" ind2=" " tag="041"><subfield code="a">eng</subfield><subfield code="a">spa</subfield></datafield><datafield ind1=" " ind2=" " tag="042"><subfield code="a">pcc</subfield></datafield><datafield ind1=" " ind2=" " tag="043"><subfield code="a">n-us-tx</subfield></datafield><datafield ind1="0" ind2=" " tag="130"><subfield code="a">Republican (Brownsville, Tex.)</subfield></datafield><datafield ind1="1" ind2="4" tag="245"><subfield code="a">The Republican =</subfield><subfield code="b">El Republicano.</subfield></datafield><datafield ind1="3" ind2="0" tag="246"><subfield code="a">Republicano</subfield></datafield><datafield ind1=" " ind2="1" tag="264"><subfield code="a">Brownsville, Tex. :</subfield><subfield code="b">Gaspar Z. Ambros y Carlos Segura,</subfield><subfield code="c">1865-</subfield></datafield><datafield ind1=" " ind2=" " tag="300"><subfield code="a">1 volume</subfield></datafield><datafield ind1=" " ind2=" " tag="310"><subfield code="a">Semiweekly</subfield></datafield><datafield ind1=" " ind2=" " tag="336"><subfield code="a">text</subfield><subfield code="b">txt</subfield><subfield code="2">rdacontent</subfield></datafield><datafield ind1=" " ind2=" " tag="337"><subfield code="a">unmediated</subfield><subfield code="b">n</subfield><subfield code="2">rdamedia</subfield></datafield><datafield ind1=" " ind2=" " tag="338"><subfield code="a">volume</subfield><subfield code="b">nc</subfield><subfield code="2">rdacarrier</subfield></datafield><datafield ind1="0" ind2=" " tag="362"><subfield code="a">Vol. I, no. 1 (Julio 5 de 1865).</subfield></datafield><datafield ind1=" " ind2=" " tag="500"><subfield code="a">Edited by Adolfo de la Garza.</subfield></datafield><datafield ind1=" " ind2=" " tag="546"><subfield code="a">Issued in both English and Spanish versions.</subfield></datafield><datafield ind1=" " ind2=" " tag="588"><subfield code="a">Description based on: Vol. I, no. 1 (Julio 5 de 1865); title from masthead.</subfield></datafield><datafield ind1=" " ind2="0" tag="650"><subfield code="a">Anti-imperialist movements</subfield><subfield code="z">Mexico</subfield><subfield code="y">19th century</subfield><subfield code="v">Newspapers.</subfield></datafield><datafield ind1=" " ind2="0" tag="651"><subfield code="a">Brownsville (Tex.)</subfield><subfield code="v">Newspapers.</subfield></datafield><datafield ind1=" " ind2="7" tag="655"><subfield code="a">Newspapers.</subfield><subfield code="2">fast</subfield><subfield code="0">(OCoLC)fst01423814</subfield></datafield><datafield ind1=" " ind2="7" tag="648"><subfield code="a">1800 - 1899</subfield><subfield code="2">fast</subfield></datafield><datafield ind1=" " ind2="7" tag="650"><subfield code="a">Anti-imperialist movements.</subfield><subfield code="2">fast</subfield><subfield code="0">(OCoLC)fst00810343</subfield></datafield><datafield ind1=" " ind2="7" tag="651"><subfield code="a">Mexico.</subfield><subfield code="2">fast</subfield><subfield code="0">(OCoLC)fst01211700</subfield></datafield><datafield ind1=" " ind2="7" tag="651"><subfield code="a">Texas</subfield><subfield code="z">Brownsville.</subfield><subfield code="2">fast</subfield><subfield code="0">(OCoLC)fst01208100</subfield></datafield><datafield ind1=" " ind2=" " tag="752"><subfield code="a">United States</subfield><subfield code="b">Texas</subfield><subfield code="c">Cameron</subfield><subfield code="d">Brownsville.</subfield></datafield><datafield ind1="0" ind2="8" tag="776"><subfield code="i">Online version:</subfield><subfield code="t">Republican (Brownsville, Tex.)</subfield><subfield code="w">(OCoLC)743335620</subfield></datafield></record>